@inproceedings{ic3-icse15,
 author = {Octeau, Damien and Luchaup, Daniel and Dering, Matthew and Jha, Somesh and McDaniel, Patrick},
 title = {Composite Constant Propagation: Application to Android Inter-component Communication Analysis},
 booktitle = {Proceedings of the 37th International Conference on Software Engineering - Volume 1},
 series = {ICSE '15},
 year = {2015},
 isbn = {978-1-4799-1934-5},
 location = {Florence, Italy},
 pages = {77--88},
 numpages = {12},
 url = {http://dl.acm.org/citation.cfm?id=2818754.2818767},
 acmid = {2818767},
 publisher = {IEEE Press},
 address = {Piscataway, NJ, USA},
} 

@inproceedings{flowdroid,
 author = {Arzt, Steven and Rasthofer, Siegfried and Fritz, Christian and Bodden, Eric and Bartel, Alexandre and Klein, Jacques and Le Traon, Yves and Octeau, Damien and McDaniel, Patrick},
 title = {FlowDroid: Precise Context, Flow, Field, Object-sensitive and Lifecycle-aware Taint Analysis for Android Apps},
 booktitle = {Proceedings of the 35th ACM SIGPLAN Conference on Programming Language Design and Implementation},
 series = {PLDI '14},
 year = {2014},
 isbn = {978-1-4503-2784-8},
 location = {Edinburgh, United Kingdom},
 pages = {259--269},
 numpages = {11},
 url = {http://doi.acm.org/10.1145/2594291.2594299},
 doi = {10.1145/2594291.2594299},
 acmid = {2594299},
 publisher = {ACM},
 address = {New York, NY, USA},
} 

@inproceedings{iccta,
 author = {Li, Li and Bartel, Alexandre and Bissyand{\'e}, Tegawend{\'e} F. and Klein, Jacques and Le Traon, Yves and Arzt, Steven and Rasthofer, Siegfried and Bodden, Eric and Octeau, Damien and McDaniel, Patrick},
 title = {IccTA: Detecting Inter-component Privacy Leaks in Android Apps},
 booktitle = {Proceedings of the 37th International Conference on Software Engineering - Volume 1},
 series = {ICSE '15},
 year = {2015},
 isbn = {978-1-4799-1934-5},
 location = {Florence, Italy},
 pages = {280--291},
 numpages = {12},
 url = {http://dl.acm.org/citation.cfm?id=2818754.2818791},
 acmid = {2818791},
 publisher = {IEEE Press},
 address = {Piscataway, NJ, USA},
} 

@inproceedings{comdroid,
 author = {Chin, Erika and Felt, Adrienne Porter and Greenwood, Kate and Wagner, David},
 title = {Analyzing Inter-application Communication in Android},
 booktitle = {Proceedings of the 9th International Conference on Mobile Systems, Applications, and Services},
 series = {MobiSys '11},
 year = {2011},
 isbn = {978-1-4503-0643-0},
 location = {Bethesda, Maryland, USA},
 pages = {239--252},
 numpages = {14},
 url = {http://doi.acm.org/10.1145/1999995.2000018},
 doi = {10.1145/1999995.2000018},
 acmid = {2000018},
 publisher = {ACM},
 address = {New York, NY, USA},
 keywords = {Android, intents, message passing, mobile phone security},
} 

@inproceedings{epicc,
 author = {Octeau, Damien and McDaniel, Patrick and Jha, Somesh and Bartel, Alexandre and Bodden, Eric and Klein, Jacques and Le Traon, Yves},
 title = {Effective Inter-component Communication Mapping in Android with Epicc: An Essential Step Towards Holistic Security Analysis},
 booktitle = {Proceedings of the 22Nd USENIX Conference on Security},
 series = {SEC'13},
 year = {2013},
 isbn = {978-1-931971-03-4},
 location = {Washington, D.C.},
 pages = {543--558},
 numpages = {16},
 url = {http://dl.acm.org/citation.cfm?id=2534766.2534813},
 acmid = {2534813},
 publisher = {USENIX Association},
 address = {Berkeley, CA, USA},
} 

@inproceedings{dare-retargeting,
 author = {Octeau, Damien and Jha, Somesh and McDaniel, Patrick},
 title = {Retargeting Android Applications to Java Bytecode},
 booktitle = {Proceedings of the ACM SIGSOFT 20th International Symposium on the Foundations of Software Engineering},
 series = {FSE '12},
 year = {2012},
 isbn = {978-1-4503-1614-9},
 location = {Cary, North Carolina},
 pages = {6:1--6:11},
 articleno = {6},
 numpages = {11},
 url = {http://doi.acm.org/10.1145/2393596.2393600},
 doi = {10.1145/2393596.2393600},
 acmid = {2393600},
 publisher = {ACM},
 address = {New York, NY, USA},
 keywords = {Android, Dalvik bytecode, Dalvik retargeting},
} 

@inproceedings{android-security,
 author = {Enck, William and Octeau, Damien and McDaniel, Patrick and Chaudhuri, Swarat},
 title = {A Study of Android Application Security},
 booktitle = {Proceedings of the 20th USENIX Conference on Security},
 series = {SEC'11},
 year = {2011},
 location = {San Francisco, CA},
 pages = {21--21},
 numpages = {1},
 url = {http://dl.acm.org/citation.cfm?id=2028067.2028088},
 acmid = {2028088},
 publisher = {USENIX Association},
 address = {Berkeley, CA, USA},
} 

@article{static-analysis-security,
 author = {Chess, Brian and McGraw, Gary},
 title = {Static Analysis for Security},
 journal = {IEEE Security and Privacy},
 issue_date = {November 2004},
 volume = {2},
 number = {6},
 month = nov,
 year = {2004},
 issn = {1540-7993},
 pages = {76--79},
 numpages = {4},
 url = {http://dx.doi.org/10.1109/MSP.2004.111},
 doi = {10.1109/MSP.2004.111},
 acmid = {1038173},
 publisher = {IEEE Educational Activities Department},
 address = {Piscataway, NJ, USA},
 keywords = {65, software development life cycle, software development life cycle, source code, static analysis, source code, static analysis},
} 

@article{soundiness-manifesto,
 author = {Livshits, Benjamin and Sridharan, Manu and Smaragdakis, Yannis and Lhot\'{a}k, Ond\v{r}ej and Amaral, J. Nelson and Chang, Bor-Yuh Evan and Guyer, Samuel Z. and Khedker, Uday P. and M{\o}ller, Anders and Vardoulakis, Dimitrios},
 title = {In Defense of Soundiness: A Manifesto},
 journal = {Commun. ACM},
 issue_date = {February 2015},
 volume = {58},
 number = {2},
 month = jan,
 year = {2015},
 issn = {0001-0782},
 pages = {44--46},
 numpages = {3},
 url = {http://doi.acm.org/10.1145/2644805},
 doi = {10.1145/2644805},
 acmid = {2644805},
 publisher = {ACM},
 address = {New York, NY, USA},
} 

@inproceedings{analysis-callbacks-android,
 author = {Yang, Shengqian and Yan, Dacong and Wu, Haowei and Wang, Yan and Rountev, Atanas},
 title = {Static Control-flow Analysis of User-driven Callbacks in Android Applications},
 booktitle = {Proceedings of the 37th International Conference on Software Engineering - Volume 1},
 series = {ICSE '15},
 year = {2015},
 isbn = {978-1-4799-1934-5},
 location = {Florence, Italy},
 pages = {89--99},
 numpages = {11},
 url = {http://dl.acm.org/citation.cfm?id=2818754.2818768},
 acmid = {2818768},
 publisher = {IEEE Press},
 address = {Piscataway, NJ, USA},
} 

